@article{putnam1975mind,
  title={Mind},
  author={Putnam, Hilary},
  journal={Language, and Reality},
  volume={2},
  year={1975}
}

@article{siemens2014connectivism,
  title={Connectivism: A learning theory for the digital age},
  author={Siemens, George},
  year={2014},
  publisher={http://www. itdl. org/journal/jan\_05/article01. htm},
  pages={1-8}
}

@article{gregolin1995ad,
  title={A análise do discurso: Conceitos e Aplicações},
  author={Gregolin, Maria do Rosario Valencise},
  publisher={Alfa, São Paulo},
  year={1995},
  volume={39},
  pages={13-21}
}

@article{modesto2005adepre,
  title={O Discurso e as Narrativas na Viv{\^e}ncia da Depress{\~a}o},
  author={Neto, Modesto Leite Rolim},
  journal={Psicologia, Sa{\'u}de \& Doen{\c{c}}as},
  volume={6},
  number={2},
  pages={131--138},
  year={2005},
  publisher={Sociedade Portuguesa de Psicologia da Sa{\'u}de}
}

@book{souza2006ad,
  title={Conhecendo Análise de Discurso: Linguagem, Sociedade e Ideologia},
  author={Souza, Sérgio Augusto Freire de},
  publisher={Editora Valer},
  year={2006}
}

@article{esteves2006depressao,
  title={Depress{\~a}o numa contextualiza{\c{c}}{\~a}o contempor{\^a}nea},
  author={Esteves, Fernanda Cavalcante and Galvan, Alda Luiza},
  journal={Aletheia},
  number={24},
  pages={127--135},
  year={2006},
  publisher={Universidade Luterana do Brasil}
}

@article{ribeiro2004contribuiccao,
  title={Contribui{\c{c}}{\~a}o para o estudo da adapta{\c{c}}{\~a}o portuguesa das escalas de ansiedade, depress{\~a}o e stress (EADS) de 21 itens de Lovibond e Lovibond},
  author={Ribeiro, Jos{\'e} Lu{\'\i}s Pais and Honrado, Ana Alexandra Jorge Duarte and Leal, Isabel Pereira},
  journal={Psicologia, sa{\'u}de \& doen{\c{c}}as},
  pages={2229--239},
  year={2004},
  publisher={Sociedade Portuguesa de Psicologia da Sa{\'u}de}
}

@book{dsmiv,
  title={Diagnostic and Statistical Manual of Mental Disorders},
  author={ APA, American Psychiatric Association },
  publisher={ American Psychiatric Association, Washington DC },
  edition={4},
  year={1994}
}

@article{lovibond1995structure,
  title={The structure of negative emotional states: Comparison of the Depression Anxiety Stress Scales (DASS) with the Beck Depression and Anxiety Inventories},
  author={Lovibond, Peter F \& Lovibond, Sydney H},
  journal={Behaviour research and therapy},
  volume={33},
  number={3},
  pages={335--343},
  year={1995},
  publisher={Elsevier}
}

@article{margis2003relaccao,
  title={Rela{\c{c}}{\~a}o entre estressores, estresse e ansiedade},
  author={Margis, Regina and Picon, Patr{\'\i}cia and Cosner, Annelise Formel and Silveira, R de O},
  journal={Revista de Psiquiatria do Rio Grande do Sul},
  volume={25},
  number={1},
  pages={65--74},
  year={2003},
  publisher={SciELO Brasil}
}

@book{freud2014livro,
  title={Luto e melancolia},
  author={Freud, Sigmund},
  publisher={Editora Cosac Naify},
  year={2014}
}

@article{richins1992consumer,
  title={A consumer values orientation for materialism and its measurement: Scale development and validation},
  author={Richins, Marsha L and Dawson, Scott},
  journal={Journal of consumer research},
  volume={19},
  number={3},
  pages={303--316},
  year={1992},
  publisher={The University of Chicago Press}
}

@InCollection{rationalismvsempiricism,
	author       =	{Markie, Peter},
	title        =	{Rationalism vs. Empiricism},
	booktitle    =	{The Stanford Encyclopedia of Philosophy},
	editor       =	{Edward N. Zalta},
	howpublished =	{\url{https://plato.stanford.edu/archives/fall2017/entries/rationalism-empiricism/}},
	year         =	{2017},
	edition      =	{Fall 2017},
	publisher    =	{Metaphysics Research Lab, Stanford University}
}


@book{descartes2013rene,
  title={Ren{\'e} Descartes: Meditations on first philosophy: With selections from the objections and replies},
  author={Descartes, Ren{\'e}},
  year={2013},
  publisher={Cambridge University Press}
}

@book{chomsky2002syntactic,
  title={Syntactic structures},
  author={Chomsky, Noam},
  year={2002},
  edition={2},
  publisher={Mouton de Gruyter}
}

@article{miller1956magical,
  title={The magical number seven, plus or minus two: Some limits on our capacity for processing information.},
  author={Miller, George A},
  journal={Psychological review},
  volume={63},
  number={2},
  pages={81-97},
  year={1956},
  publisher={American Psychological Association}
}

@book{neisser2014cognitive,
  title={Cognitive psychology: Classic edition},
  author={Neisser, Ulric},
  year={2014},
  publisher={Psychology Press}
}

@book{broadbent1958perception,
  title={Perception and communication},
  author={Broadbent, Donald Eric},
  year={1958},
  publisher={Pergamon Press}
}

@book{william1890principles,
  title={The Principles Of Psychology},
  author={James, William},
  year={1890},
  volume={1},
  publisher={New York : Holt}
}

@article{brandura1996,
  title={Social cognitive theory: An agentic perspective},
  author={Albert Bandura},
  year={1999},
  volume={2},
  pages={21-41},
  journal={Asian Journal of Social Psychology}
}

@article{newell1976ComputerSA,
  title={Computer Science as Empirical Inquiry: Symbols and Search},
  author={Allen Newell and Herbert A. Simon},
  journal={Commun. ACM},
  year={1976},
  volume={19},
  pages={113-126}
}

@article{maria2015npl,
	author = {Maria José Finatto e Lucelene Lopes e Alena Ciulla},
	title = {Processamento de Linguagem Natural, Linguística de Corpus e Estudos Linguísticos: uma parceria bem-sucedida},
	journal = {Domínios de Lingu@gem},
	volume = {9},
	number = {5},
	year = {2015},
	keywords = {Processamento de Linguagem Natural; Linguística de Corpus; Estudos Linguísticos},
	abstract = {Neste artigo apresentamos um exemplo de pesquisa que integra Processamento de Linguagem Natural (PLN) e Estudos Linguísticos com o objetivo de demonstrar que essa é uma associação possível e benéfica. Utilizamos uma ferramenta para extração de informações relevantes e para representação de conteúdo a partir de corpora em português, o ExATOlp. Nessa iniciativa foi utilizado como corpus o texto em português do Curso de Linguística Geral, para a investigação dos principais termos relacionados a conceitos importantes em Saussure. },
	issn = {1980-5799},
  pages = {41--59},
  doi = {10.14393/DLE-v9n5a2015-3},
	url = {http://www.seer.ufu.br/index.php/dominiosdelinguagem/article/view/28670}
}

@article{hand2007principles,
  title={Principles of data mining},
  author={Hand, David J},
  journal={Drug safety},
  volume={30},
  number={7},
  pages={621--622},
  year={2007},
  publisher={Springer}
}

@article{fayyad1996kdd,
  title={The KDD process for extracting useful knowledge from volumes of data},
  author={Fayyad, Usama and Piatetsky-Shapiro, Gregory and Smyth, Padhraic},
  journal={Communications of the ACM},
  volume={39},
  number={11},
  pages={27--34},
  year={1996},
  publisher={ACM}
}

@article{laender2002brief,
  title={A brief survey of web data extraction tools},
  author={Laender, Alberto HF and Ribeiro-Neto, Berthier A and Da Silva, Altigran S and Teixeira, Juliana S},
  journal={ACM Sigmod Record},
  volume={31},
  number={2},
  pages={84--93},
  year={2002},
  publisher={ACM}
}

@article{domingos2012few,
  title={A few useful things to know about machine learning},
  author={Domingos, Pedro},
  journal={Communications of the ACM},
  volume={55},
  number={10},
  pages={78--87},
  year={2012},
  publisher={ACM}
}

@article{kaelbling1996reinforcement,
  title={Reinforcement learning: A survey},
  author={Kaelbling, Leslie Pack and Littman, Michael L and Moore, Andrew W},
  journal={Journal of artificial intelligence research},
  volume={4},
  pages={237--285},
  year={1996}
}

@article{lecun2015deep,
  title={Deep learning},
  author={LeCun, Yann and Bengio, Yoshua and Hinton, Geoffrey},
  journal={nature},
  volume={521},
  number={7553},
  pages={436},
  year={2015},
  publisher={Nature Publishing Group}
}

@article{haykin2004comprehensive,
  title={A comprehensive foundation},
  author={Haykin, Simon and Network, Neural},
  journal={Neural networks},
  volume={2},
  number={2004},
  pages={41},
  year={2004}
}

@book{russell2003artificial,
  title={Artificial intelligence: a modern approach},
  author={Russell, Stuart Jonathan and Norvig, Peter and Canny, John F and Malik, Jitendra M and Edwards, Douglas D},
  volume={2},
  number={9},
  year={2003},
  publisher={Prentice hall Upper Saddle River}
}

@incollection{hastie2009unsupervised,
  title={Unsupervised learning},
  author={Hastie, Trevor and Tibshirani, Robert and Friedman, Jerome},
  booktitle={The elements of statistical learning},
  year={2009},
  publisher={Springer}
}

@article{guilford1982cognitive,
  title={Cognitive psychology's ambiguities: Some suggested remedies.},
  author={Guilford, Joy P},
  journal={Psychological review},
  volume={89},
  number={1},
  pages={48},
  year={1982},
  publisher={American Psychological Association}
}


@techreport{newell1961gps,
  title={GPS, a program that simulates human thought},
  author={Newell, Allen and Simon, Herbert Alexander},
  year={1961},
  institution={RAND CORP SANTA MONICA CALIF}
}

@book{mohri2012foundations,
  title={Foundations of machine learning},
  author={Mohri, Mehryar and Rostamizadeh, Afshin and Talwalkar, Ameet},
  year={2012},
  publisher={MIT press}
}

@article{samuel1959some,
  title={Some studies in machine learning using the game of checkers},
  author={Samuel, Arthur L},
  journal={IBM Journal of research and development},
  volume={3},
  number={3},
  pages={210--229},
  year={1959},
  publisher={IBM}
}

@article{turing1950,
 author = {A. M. Turing},
 journal = {Mind},
 number = {236},
 pages = {433-460},
 publisher = {[Oxford University Press, Mind Association]},
 title = {Computing Machinery and Intelligence},
 volume = {59},
 year = {1950}
}

@misc{dijkstra898, 
    url={https://www.cs.utexas.edu/~EWD/transcriptions/EWD08xx/EWD898.html},
    author={Dijkstra, E.W.},
    journal={E.W. Dijkstra Archive: The threats to computing science (EWD898)}
}

@misc{paho2017-letstalk, 
    url={http://www.paho.org/bra/index.php?option=com_content&view=article&id=5391:tema-do-dia-mundial-da-saude-de-2017-depressao-e-debatida-por-especialistas-em-evento-na-opas-oms&Itemid=839},
    author={OPAS/OMS,  Organização Pan-Americana de Sáude / Organização Mundial de Saúde},
    title={Tema do Dia Mundial da Saúde de 2017, depressão é debatida por especialistas em evento na OPAS/OMS},
    year={2017}
}

@article{pinto2009afetos,
  title={Os (des) afetos da intelig{\^e}ncia... O poss{\'\i}vel di{\'a}logo entre cogni{\c{c}}{\~a}o e afetividade},
  author={Pinto, Fausto Eduardo Menon},
  journal={Publicatio UEPG: Ci{\^e}ncias Humanas, Linguistica, Letras e Artes},
  volume={13},
  number={1},
  year={2009}
}

@book{roudinesco2000psicanalise,
  title={Por que a psican{\'a}lise?},
  author={Roudinesco, Elisabeth},
  year={2000},
  publisher={Jorge Zahar Editor}
}

@article{rashevsky1960mathematical,
  title={Mathematical biophysics: physico-mathematical foundations of biology},
  author={Rashevsky, Nicolas},
  year={1960},
  volume={2},
  publisher={Dover New York}
}

@article{vinge1993coming,
  title={The coming technological singularity: How to survive in the post-human era},
  author={Vinge, Vernor},
  year={1993}
}

@book{wiener1961cybernetics,
  title={Cybernetics or Control and Communication in the Animal and the Machine},
  author={Wiener, Norbert},
  volume={25},
  year={1961},
  publisher={MIT press}
}

@book{wilson2001encyclopedia,
  title={The MIT encyclopedia of the cognitive sciences},
  author={Wilson, Robert Andrew and Keil, Frank C},
  year={2001},
  publisher={MIT press}
}

@inproceedings{wooldridge1994agent,
  title={Agent theories, architectures, and languages: a survey},
  author={Wooldridge, Michael and Jennings, Nicholas R},
  booktitle={International Workshop on Agent Theories, Architectures, and Languages},
  pages={1--39},
  year={1994},
  organization={Springer}
}


@article{simon1955behavioral,
  title={A behavioral model of rational choice},
  author={Simon, Herbert A},
  journal={The quarterly journal of economics},
  volume={69},
  number={1},
  pages={99--118},
  year={1955},
  publisher={MIT Press}
}

@article{frege1956thought,
  title={The thought: A logical inquiry},
  author={Frege, Gottlob},
  journal={Mind},
  volume={65},
  number={259},
  pages={289--311},
  year={1956},
  publisher={Oxford University Press on behalf of the Mind Association}
}

@book{boole1854investigation,
  title={An investigation of the laws of thought: on which are founded the mathematical theories of logic and probabilities},
  author={Boole, George},
  year={1854},
  publisher={Dover Publications}
}
